<record><leader>03715cam a22005418i 45 0</leader><controlfield tag="001">6803663</controlfield><controlfield tag="003">OCoLC</controlfield><controlfield tag="005">20150211140045.0</controlfield><controlfield tag="006">m    |o  d |      </controlfield><controlfield tag="007">cr*|||||||||||</controlfield><controlfield tag="008">150203s2015    nyu     ob    001 0 eng  </controlfield><datafield ind1=" " ind2=" " tag="010"><subfield code="a">  2014044904</subfield></datafield><datafield ind1=" " ind2=" " tag="020"><subfield code="a">9781316104217 (ebook)</subfield></datafield><datafield ind1=" " ind2=" " tag="020"><subfield code="a">9781107087637 (hardback)</subfield></datafield><datafield ind1=" " ind2=" " tag="020"><subfield code="a">1107087635 (hardback)</subfield></datafield><datafield ind1=" " ind2=" " tag="020"><subfield code="a">9781107458093 (paperback)</subfield></datafield><datafield ind1=" " ind2=" " tag="020"><subfield code="a">1107458099 (paperback)</subfield></datafield><datafield ind1=" " ind2=" " tag="035"><subfield code="a">ocn903346387</subfield></datafield><datafield ind1=" " ind2=" " tag="040"><subfield code="a">DLC</subfield><subfield code="b">eng</subfield><subfield code="e">rda</subfield><subfield code="c">DLC</subfield><subfield code="d">BTCTA</subfield><subfield code="d">YDXCP</subfield><subfield code="d">OCLCO</subfield><subfield code="d">AEU</subfield></datafield><datafield ind1=" " ind2=" " tag="042"><subfield code="a">pcc</subfield></datafield><datafield ind1=" " ind2=" " tag="043"><subfield code="a">n-us---</subfield><subfield code="a">s-cl---</subfield></datafield><datafield ind1="0" ind2="0" tag="050"><subfield code="a">E183.8.C4</subfield><subfield code="b">M67 2015</subfield></datafield><datafield ind1="0" ind2="0" tag="082"><subfield code="a">327.73083</subfield><subfield code="2">23</subfield></datafield><datafield ind1=" " ind2=" " tag="084"><subfield code="a">POL010000</subfield><subfield code="2">bisacsh</subfield></datafield><datafield ind1=" " ind2=" " tag="090"><subfield code="a">Internet Access</subfield><subfield code="b">AEU</subfield></datafield><datafield ind1="1" ind2=" " tag="100"><subfield code="a">Morley, Morris H.</subfield></datafield><datafield ind1="1" ind2="0" tag="245"><subfield code="a">Reagan and Pinochet :</subfield><subfield code="b">the struggle over U.S. policy toward Chile /</subfield><subfield code="c">Morris Morley (Macquarie University, Australia), Chris McGillion (Charles Sturt University, Australia).</subfield></datafield><datafield ind1=" " ind2="1" tag="264"><subfield code="a">New York, NY :</subfield><subfield code="b">Cambridge University Press,</subfield><subfield code="c">2015.</subfield></datafield><datafield ind1=" " ind2=" " tag="300"><subfield code="a">1 online resource.</subfield></datafield><datafield ind1=" " ind2=" " tag="336"><subfield code="a">tex</subfield><subfield code="2">rdacontent</subfield></datafield><datafield ind1=" " ind2=" " tag="337"><subfield code="a">computer</subfield><subfield code="2">rdamedia</subfield></datafield><datafield ind1=" " ind2=" " tag="338"><subfield code="a">online resource</subfield><subfield code="2">rdacarrier</subfield></datafield><datafield ind1=" " ind2=" " tag="504"><subfield code="a">Includes bibliographical references and index.</subfield></datafield><datafield ind1="0" ind2=" " tag="505"><subfield code="a">In From The Cold -- Turning The Tide -- Dead Ends in Chile Policy -- Changing Tack -- Abandoning Pinochet -- Toward Endgame -- Return To The Fold.</subfield></datafield><datafield ind1=" " ind2=" " tag="506"><subfield code="a">Access restricted to authorized users and institutions.</subfield></datafield><datafield ind1="2" ind2=" " tag="520"><subfield code="a">"This book is the first comprehensive study of the Reagan administration's policy toward the military dictatorship of General Augusto Pinochet in Chile. Based on new primary and archival materials, as well as on original interviews with former US and Chilean officials, it traces the evolution of Reagan policy from an initial 'close embrace' of the junta to a re-evaluation of whether Pinochet was a risk to long-term US interests in Chile and, finally, to an acceptance in Washington of the need to push for a return to democracy. It provides fresh insights into the bureaucratic conflicts that were a key part of the Reagan decision-making process and reveals not only the successes but also the limits of US influence on Pinochet's regime. Finally, it contributes to the ongoing debate about the US approach toward democracy promotion in the Third World over the past half century"--</subfield><subfield code="c">Provided by publisher.</subfield></datafield><datafield ind1="2" ind2=" " tag="520"><subfield code="a">"During the first three decades of the twentieth century, the United States transformed itself from a dominant regional into a competitive global power, all the while projecting its power abroad driven less by a desire 'to make the world safe for democracy' than to put down nationalist threats to an expanding U.S. capital and commerce. Throughout the Cold War era, the gap between idealistic rhetoric and policy practice showed no signs of closing: the verbal commitment to promoting democracy by American presidents 'with few exceptions...' was distinctly secondary to the U.S. quest for private economic opportunity and public support for military-dominated regimes that would maintain order"--</subfield><subfield code="c">Provided by publisher.</subfield></datafield><datafield ind1=" " ind2=" " tag="596"><subfield code="a">44</subfield></datafield><datafield ind1="1" ind2="0" tag="600"><subfield code="a">Reagan, Ronald.</subfield></datafield><datafield ind1="1" ind2="0" tag="600"><subfield code="a">Pinochet Ugarte, Augusto.</subfield></datafield><datafield ind1=" " ind2="0" tag="651"><subfield code="a">United States</subfield><subfield code="x">Foreign relations</subfield><subfield code="z">Chile.</subfield></datafield><datafield ind1=" " ind2="0" tag="651"><subfield code="a">Chile</subfield><subfield code="x">Foreign relations</subfield><subfield code="z">United States.</subfield></datafield><datafield ind1=" " ind2="0" tag="651"><subfield code="a">United States</subfield><subfield code="x">Foreign relations</subfield><subfield code="y">1981-1989.</subfield></datafield><datafield ind1="1" ind2=" " tag="700"><subfield code="a">McGillion, Chris,</subfield><subfield code="d">1954-</subfield></datafield><datafield ind1="4" ind2="0" tag="856"><subfield code="3">University of Alberta Access</subfield><subfield code="u">http://dx.doi.org/10.1017/CBO9781316104217</subfield></datafield><datafield ind1=" " ind2=" " tag="947"><subfield code="b">THI</subfield><subfield code="f">QGM</subfield><subfield code="h">GMCT-OS-B</subfield><subfield code="p">36.95</subfield><subfield code="q">1</subfield><subfield code="z">9781107458093</subfield></datafield><datafield ind1=" " ind2=" " tag="999"><subfield code="h">GMCT-OS-B</subfield></datafield><datafield ind1=" " ind2=" " tag="926"><subfield code="a">Internet Access</subfield><subfield code="w">LC</subfield><subfield code="c">1</subfield><subfield code="i">6803663-1001</subfield><subfield code="l">INTERNET</subfield><subfield code="m">UAINTERNET</subfield><subfield code="r">Y</subfield><subfield code="s">Y</subfield><subfield code="t">E-RESOURCE</subfield><subfield code="u">2/11/2015</subfield><subfield code="x">E-BOOK</subfield><subfield code="z">CBO</subfield></datafield></record>